@article{miraldo2019efficient,
  title={An efficient algorithm for type-safe structural diffing},
  author={Miraldo, Victor Cacciari and Swierstra, Wouter},
  journal={Proceedings of the ACM on Programming Languages},
  volume={3},
  number={ICFP},
  pages={1--29},
  year={2019},
  publisher={ACM New York, NY, USA}
}

@book{hunt1976algorithm,
  title={An algorithm for differential file comparison},
  author={Hunt, James Wayne and MacIlroy, M Douglas},
  year={1976},
  publisher={Bell Laboratories Murray Hill}
}